@inproceedings{ SETI,
    title = "{SETI@home}: An Experiment in Public-Resource Computing",
    author = "David P. Anderson and Jeff Cobb and Eric Korpela and Matt Lebofsky and Dan Werthimer",
    booktitle = "Communications of the ACM, Vol. 45 No. 11, pp. 56-61",
    month = Nov,
    year = 2002
}

@inproceedings{BOINC,
    title = "{BOINC}: A System for Public-Resource Computing and Storage",
    author = "David P. Anderson",
    booktitle = "Proc.\  5th IEEE/ACM International Workshop on Grid Computing",
    year = 2004
}

@Manual{MapRejuice,
    key = "{MapRejuice}",
    URL = "https://github.com/ryanmcgrath/maprejuice"
}

@Manual{Ravan,
    key = "Ravan",
    URL = "http://www.andlabs.org/tools/ravan.html"
}

@Manual{Node,
    key = "{Node.js}",
    URL = "http://www.nodejs.org/"
}

@inproceedings{Bitcoin,
    title = "Bitcoin: A Peer-to-Peer Electronic Cash System",
    author = "Satoshi Nakamoto",
    year = 2008,
    URL = "http://bitcoin.org/bitcoin.pdf"
}

@inproceedings{Socket,
    title = "{Socket.IO}",
    author = "Guillermo Rauch",
    URL = "http://socket.io"
}

